@Manual{R-base,
  title = {R: A Language and Environment for Statistical Computing},
  author = {{R Core Team}},
  organization = {R Foundation for Statistical Computing},
  address = {Vienna, Austria},
  year = {2017},
  url = {https://www.R-project.org/},
}
@Manual{R-bayesplot,
  title = {bayesplot: Plotting for Bayesian Models},
  author = {Jonah Gabry and Tristan Mahr},
  year = {2017},
  note = {R package version 1.4.0},
  url = {https://CRAN.R-project.org/package=bayesplot},
}
@Manual{R-bindrcpp,
  title = {bindrcpp: An 'Rcpp' Interface to Active Bindings},
  author = {Kirill Müller},
  year = {2017},
  note = {R package version 0.2},
  url = {https://CRAN.R-project.org/package=bindrcpp},
}
@Manual{R-bookdown,
  title = {bookdown: Authoring Books and Technical Documents with R Markdown},
  author = {Yihui Xie},
  year = {2018},
  note = {R package version 0.6},
  url = {https://CRAN.R-project.org/package=bookdown},
}
@Manual{R-crayon,
  title = {crayon: Colored Terminal Output},
  author = {Gábor Csárdi},
  year = {2017},
  note = {R package version 1.3.4},
  url = {https://CRAN.R-project.org/package=crayon},
}
@Manual{R-ggplot2,
  title = {ggplot2: Create Elegant Data Visualisations Using the Grammar of Graphics},
  author = {Hadley Wickham and Winston Chang},
  year = {2016},
  note = {R package version 2.2.1},
  url = {https://CRAN.R-project.org/package=ggplot2},
}
@Manual{R-knitr,
  title = {knitr: A General-Purpose Package for Dynamic Report Generation in R},
  author = {Yihui Xie},
  year = {2018},
  note = {R package version 1.19},
  url = {https://CRAN.R-project.org/package=knitr},
}
@Manual{R-nvimcom,
  title = {nvimcom: Intermediate the Communication Between R and Either Neovim or
Vim},
  author = {Jakson Aquino},
  year = {2018},
  note = {R package version 0.9-61},
  url = {https://github.com/jalvesaq/nvimcom},
}
@Manual{R-Rcpp,
  title = {Rcpp: Seamless R and C++ Integration},
  author = {Dirk Eddelbuettel and Romain Francois and JJ Allaire and Kevin Ushey and Qiang Kou and Nathan Russell and Douglas Bates and John Chambers},
  year = {2018},
  note = {R package version 0.12.15},
  url = {https://CRAN.R-project.org/package=Rcpp},
}
@Manual{R-rmarkdown,
  title = {rmarkdown: Dynamic Documents for R},
  author = {JJ Allaire and Yihui Xie and Jonathan McPherson and Javier Luraschi and Kevin Ushey and Aron Atkins and Hadley Wickham and Joe Cheng and Winston Chang},
  year = {2017},
  note = {R package version 1.8},
  url = {https://CRAN.R-project.org/package=rmarkdown},
}
@Manual{R-rstanarm,
  title = {rstanarm: Bayesian Applied Regression Modeling via Stan},
  author = {Jonah Gabry and Ben Goodrich},
  year = {2017},
  note = {R package version 2.17.2},
  url = {https://CRAN.R-project.org/package=rstanarm},
}
