@Manual{R-base,
  title = {R: A Language and Environment for Statistical Computing},
  author = {{R Core Team}},
  organization = {R Foundation for Statistical Computing},
  address = {Vienna, Austria},
  year = {2017},
  url = {https://www.R-project.org/},
}
@Manual{R-bookdown,
  title = {bookdown: Authoring Books and Technical Documents with R Markdown},
  author = {Yihui Xie},
  year = {2017},
  note = {R package version 0.4},
  url = {https://CRAN.R-project.org/package=bookdown},
}
@Manual{R-colorout,
  title = {colorout: Colorize R Output on Terminal Emulators},
  author = {Jakson Aquino and Dominique-Laurent Couturier},
  year = {2016},
  note = {R package version 1.1-2},
  url = {https://github.com/jalvesaq/colorout},
}
@Manual{R-knitr,
  title = {knitr: A General-Purpose Package for Dynamic Report Generation in R},
  author = {Yihui Xie},
  year = {2017},
  note = {R package version 1.16},
  url = {https://CRAN.R-project.org/package=knitr},
}
@Manual{R-nvimcom,
  title = {nvimcom: Intermediate the communication between R and either Neovim or
Vim},
  author = {Jakson Aquino},
  year = {2017},
  note = {R package version 0.9-28},
  url = {https://github.com/jalvesaq/nvimcom},
}
@Manual{R-rmarkdown,
  title = {rmarkdown: Dynamic Documents for R},
  author = {JJ Allaire and Joe Cheng and Yihui Xie and Jonathan McPherson and Winston Chang and Jeff Allen and Hadley Wickham and Aron Atkins and Rob Hyndman and Ruben Arslan},
  year = {2017},
  note = {R package version 1.6},
  url = {https://CRAN.R-project.org/package=rmarkdown},
}
